@misc{MazumdarWWW,
  author  = {Mazumdar P.},
  title   = {Decision Trees},
  url   = {http://www.shogun-toolbox.org/static/notebook/current/DecisionTrees.html}
}

@misc{Brownlee2017,
	author = {Brownlee J.},
	year = {2016},
	title = {How To Implement The Decision Tree Algorithm From Scratch In Python},
	url = {https://machinelearningmastery.com/implement-decision-tree-algorithm-scratch-python/}
}

@misc{WhatWhenWWW,
  title = {Decision Tree Applications for Data Modelling (Artificial Intelligence)},
  url = {http://what-when-how.com/artificial-intelligence/decision-tree-applications-for-data-modelling-artificial-intelligence/}
}

@misc{AnalyticsWWW,
  title = {A Complete Tutorial on Tree Based Modeling from Scratch (in R \& Python)},
  year = {2016},
  author = {Analytics Vidhya Content Team},
  url = {https://www.analyticsvidhya.com/blog/2016/04/complete-tutorial-tree-based-modeling-scratch-in-python/}
}

@misc{AIspaceWWW,
  title = {Tutorial 4: Splitting Algorithms},
  author = {AIspace},
  url = {http://aispace.org/dTree/help/tutorial4.shtml}
}

@manual{scikit,
  title = {Decision Trees},
  author = {scikit-learn},
  url = {http://scikit-learn.org/stable/modules/tree.html#tree-algorithms-id3-c4-5-c5-0-and-cart},
}

@book{Quinlan1993,
 author = {Quinlan, J. Ross},
 title = {C4.5: Programs for Machine Learning},
 year = {1993},
 isbn = {1-55860-238-0},
 publisher = {Morgan Kaufmann Publishers Inc.},
 address = {San Francisco, CA, USA},
} 

@article{Kass1980,
  doi = {10.2307/2986296},
  url = {https://doi.org/10.2307/2986296},
  year  = {1980},
  publisher = {{JSTOR}},
  volume = {29},
  number = {2},
  pages = {119},
  author = {G. V. Kass},
  title = {An Exploratory Technique for Investigating Large Quantities of Categorical Data},
  journal = {Applied Statistics}
}

@misc{Lan2017,
	author = {Lan H.},
	title = {Decision Trees and Random Forests for Classification and Regression pt.1},
	url = {https://towardsdatascience.com/decision-trees-and-random-forests-for-classification-and-regression-pt-1-dbb65a458df}
}


@book{Breiman1984,
	author = {Breiman L. and Friedman J. and Olshen R. and Stone C.},
	title = {Classification and Regression Trees},
	address = {Wadsworth, Belmont, CA},
	publisher = {Taylor \& Francis Ltd},
	year = {1984}
}

@article{Quinlan1986,
  doi = {10.1007/bf00116251},
  url = {https://doi.org/10.1007/bf00116251},
  year  = {1986},
  month = {mar},
  publisher = {Springer Nature},
  volume = {1},
  number = {1},
  pages = {81--106},
  author = {J. R. Quinlan},
  title = {Induction of decision trees},
  journal = {Machine Learning}
}

@article{Belson1959,
author = {Belson W.},
title = {Matching and Prediction on the Principle of Biological Classification},
journal = {JRSS, Series C, Applied Statistics},
volume = {8},
number = {2},
year = {1959},
page = {65--75}
}

@article{Quinlan1990,
  doi = {10.1109/21.52545},
  url = {https://doi.org/10.1109/21.52545},
  year  = {1990},
  publisher = {Institute of Electrical and Electronics Engineers ({IEEE})},
  volume = {20},
  number = {2},
  pages = {339--346},
  author = {J.R. Quinlan},
  title = {Decision trees and decision-making},
  journal = {{IEEE} Transactions on Systems, Man, and Cybernetics}
}

@book{Gatnar1998,
	author = {Gatnar E.},
	title = {Symboliczne metody klasyfikacji danych},
	publisher = {PWN, Warszawa},
	year = {1998}
}

@article{Morgan1963,
	author = {Morgan, J.N. and Sonquist, J.A.},
	year = {1963},
	title = {Problems in the analysis of survey data, and a proposal},
	journal = {J. Amer. Statist. Assoc.},
	volume = {58},
	pages = {415--434}
}

@book{Lula2007,
  title = {Metody sztucznej inteligencji i ich zastosowania w ekonomii i zarządzaniu},
  author = {Lula P. and Paliwoda-Pękosz G. and Tadeusiewicz R.},
  year = {2007},
  isbn = {9788372523570},
  publisher = { Wydawnictwo Akademii Ekonomicznej, Kraków}
}